<record><leader>00000cas a22000007a 4500</leader><controlfield tag="001">15151492</controlfield><controlfield tag="008">870204d18671875pauwr ne      0    0ger d</controlfield><datafield ind1=" " ind2=" " tag="010"><subfield code="a">sn 87067021 </subfield></datafield><datafield ind1=" " ind2=" " tag="040"><subfield code="a">NNX</subfield><subfield code="b">eng</subfield><subfield code="c">NNX</subfield><subfield code="d">NPI</subfield><subfield code="d">YOX</subfield><subfield code="d">OCLCQ</subfield><subfield code="d">KRTAS</subfield><subfield code="d">OCLCQ</subfield><subfield code="d">OCLCF</subfield><subfield code="d">OCLCO</subfield></datafield><datafield ind1="1" ind2=" " tag="029"><subfield code="a">AU@</subfield><subfield code="b">000025790238</subfield></datafield><datafield ind1=" " ind2=" " tag="042"><subfield code="a">msc</subfield></datafield><datafield ind1=" " ind2=" " tag="043"><subfield code="a">n-us-pa</subfield></datafield><datafield ind1="0" ind2=" " tag="130"><subfield code="a">National Demokrat (Williamsport, Pa.)</subfield></datafield><datafield ind1="1" ind2="0" tag="245"><subfield code="a">National Demokrat.</subfield></datafield><datafield ind1=" " ind2=" " tag="260"><subfield code="a">Williamsport, Pa. :</subfield><subfield code="b">C. Theodor Mayer</subfield></datafield><datafield ind1=" " ind2=" " tag="300"><subfield code="a">v.</subfield></datafield><datafield ind1=" " ind2=" " tag="310"><subfield code="a">Weekly</subfield></datafield><datafield ind1="1" ind2=" " tag="362"><subfield code="a">Began in Feb. 1867; ceased in 1875?</subfield><subfield code="z">Cf. Arndt &amp; Olson. German-American newspapers.</subfield></datafield><datafield ind1=" " ind2=" " tag="588"><subfield code="a">Description based on: Jahrg. 8, no. 381 (10. Okt. 1874).</subfield></datafield><datafield ind1=" " ind2="0" tag="650"><subfield code="a">Germans</subfield><subfield code="z">Pennsylvania</subfield><subfield code="v">Newspapers.</subfield></datafield><datafield ind1=" " ind2="4" tag="651"><subfield code="a">Williamsport (Pa.)</subfield><subfield code="v">Newspapers.</subfield></datafield><datafield ind1=" " ind2="7" tag="655"><subfield code="a">Newspapers.</subfield><subfield code="2">fast</subfield><subfield code="0">(OCoLC)fst01423814</subfield></datafield><datafield ind1=" " ind2="7" tag="650"><subfield code="a">Germans.</subfield><subfield code="2">fast</subfield><subfield code="0">(OCoLC)fst00942100</subfield></datafield><datafield ind1=" " ind2="7" tag="651"><subfield code="a">Pennsylvania.</subfield><subfield code="2">fast</subfield><subfield code="0">(OCoLC)fst01204598</subfield></datafield><datafield ind1=" " ind2=" " tag="752"><subfield code="a">United States</subfield><subfield code="b">Pennsylvania</subfield><subfield code="c">Lycoming</subfield><subfield code="d">Williamsport.</subfield></datafield><datafield ind1=" " ind2=" " tag="938"><subfield code="a">Kirtas Technologies, Inc.</subfield><subfield code="b">KRTS</subfield><subfield code="n">739792</subfield></datafield></record>